<?xml version="1.0" encoding="UTF-8"?><record xmlns="http://www.loc.gov/MARC21/slim" xmlns:cinclude="http://apache.org/cocoon/include/1.0" xmlns:zs="http://www.loc.gov/zing/srw/">
  <leader>00492cz  a2200157n  4500</leader>
  <controlfield tag="001">n  95106939 </controlfield>
  <controlfield tag="003">DLC</controlfield>
  <controlfield tag="005">20001104071526.0</controlfield>
  <controlfield tag="008">951030n| acannaabn          |a aaa      </controlfield>
  <datafield tag="010" ind1=" " ind2=" ">
    <subfield code="a">n  95106939 </subfield>
  </datafield>
  <datafield tag="035" ind1=" " ind2=" ">
    <subfield code="a">(OCoLC)oca03948834</subfield>
  </datafield>
  <datafield tag="040" ind1=" " ind2=" ">
    <subfield code="a">DLC</subfield>
    <subfield code="b">eng</subfield>
    <subfield code="c">DLC</subfield>
    <subfield code="d">OCoLC</subfield>
  </datafield>
  <datafield tag="100" ind1="1" ind2=" ">
    <subfield code="a">Mallo Lagoa, Francisco</subfield>
  </datafield>
  <datafield tag="400" ind1="1" ind2=" ">
    <subfield code="a">Lagoa, Francisco Mallo</subfield>
  </datafield>
  <datafield tag="400" ind1="1" ind2=" ">
    <subfield code="a">Mallo Lagoa, F.</subfield>
    <subfield code="q">(Francisco)</subfield>
  </datafield>
  <datafield tag="670" ind1=" " ind2=" ">
    <subfield code="a">A casa marinĚeira en Cangas de Morrazo ... 1991:</subfield>
    <subfield code="b">t.p. (Francisco Mallo Lagoa) spine (F. Mallo Lagoa)</subfield>
  </datafield>
</record>